

@article{doi:10.1063/5.0048884,
author = {Ferreira,F.  and Magorrian,S. J.  and Enaldiev,V. V.  and Ruiz-Tijerina,D. A.  and Fal'ko,V. I. },
title = {Band energy landscapes in twisted homobilayers of transition metal dichalcogenides},
journal = {Applied Physics Letters},
volume = {118},
number = {24},
pages = {241602},
year = {2021},
doi = {10.1063/5.0048884},

URL = { 
        https://doi.org/10.1063/5.0048884
    
},
eprint = { 
        https://doi.org/10.1063/5.0048884
    
}

}


