@article{doi:10.1021/acs.jpcc.9b08868,
  author  = {Fumega, Adolfo O. and Gobbi, M. and Dreher, P. and Wan, W. and González-Orellana, C. and Peña-Díaz, M. and Rogero, C. and Herrero-Martín, J. and Gargiani, P. and Ilyn, M. and Ugeda, M. M. and Pardo, Victor and Blanco-Canosa, S.},
  title   = {Absence of Ferromagnetism in VSe2 Caused by Its Charge Density Wave Phase},
  journal = {The Journal of Physical Chemistry C},
  volume  = {123},
  number  = {45},
  pages   = {27802-27810},
  year    = {2019},
  doi     = {10.1021/acs.jpcc.9b08868},
  url     = { 
        https://doi.org/10.1021/acs.jpcc.9b08868    
},
  eprint  = { 
        https://doi.org/10.1021/acs.jpcc.9b08868
}
}
